%! Author = jonathan
%! Date = 2/22/24

@book{Lamport:LaTeX,
  author        = "Leslie Lamport",
  title         = "LaTeX User's Guide and Document Reference Manual",
  publisher     = "Addison-Wesley Publishing Company",
  address       = "Reading, Massachusetts",
  year          = "1986"
}
